@Inbook{vonGoethe2006,
    author="von Goethe, Johann Wolfgang",
    editor="K{\"o}pf, Gerhard",
    title="Die Leiden des jungen Werthers",
    bookTitle="ICD-10 literarisch",
    year="2006",
    publisher="VS Verlag f{\"u}r Sozialwissenschaften",
    address="Wiesbaden",
    pages="159--170",
    abstract="Der Briefroman »Die Leiden des jungen Werthers« (1774) machte den promovierten Juristen Johann Wolfgang von Goethe (1749 bis 1832) mit einem Schlag in ganz Europa ber{\"u}hmt, denn er faszinierte aufgrund einer identifikatorischen Lekt{\"u}re damit eine ganze Generation von haupts{\"a}chlich jungen Lesern mit seiner kompromisslosen, dem Sturm und Drang verpflichteten Darstellungsweise. Nicht wenige J{\"u}nglinge der Zeit kleideten sich sogar wie Werther.",
    isbn="978-3-8350-9667-7",
    doi="10.1007/978-3-8350-9667-7_10",
    url="https://doi.org/10.1007/978-3-8350-9667-7_10"
}
